@PhdThesis{DeCarvalho,
    author = {Daniel De Carvalho},
    title = {Sémantiques de la logique linéaire et temps de calcul},
    school = {UNIVERSITÉ DE LA MÉDITERRANÉE Aix-Marseille II},
    year = {2007},
}

@book{Kriv,
    author = {J.L. Krivine},
    title = {Lambda-calcul types et modèles},
    year = {1990},
    editor = {Masson}
}

@article{Urz,
    author = {P. Urzyczyn},
    title = {The emptiness problem for intersection types},
    journal = {Journal of Symbolic Logic},
    year = {1999}
}

@article{VBak,
    author = {S. Van Bakel},
    title = {Complete restictions of the intersection type discipline},
    journal = {Theor. Comput. Sci.},
    year = {1992}
}


@article{Kes,
    author = {Antonio Bucciarelli and Delia Kesner and Simona Ronchi Della Rocca},
    title = {The inhabitation problem for non-idempotent intersection types},
    date = {2014}
}
